@article{Miti2021,
	title        = {A Hydrodynamical Homotopy Co-momentum Map And A Multisymplectic Interpretation Of Higher-order Linking Numbers},
	author       = {Miti, Antonio Michele and Spera, Mauro},
	year         = 2021,
	month        = feb,
	journal      = {Journal of the Australian Mathematical Society},
	pages        = {1--20},
	doi          = {10.1017/s1446788720000518},
	issn         = {1446-7887},
	url          = {https://www.cambridge.org/core/product/identifier/S1446788720000518/type/journal\%5Farticle},
	url          = {https://www.cambridge.org/core/product/identifier/S1446788720000518/type/journal\%5Farticle},
	archiveprefix = {arXiv},
	arxivid      = {1805.01696},
	eprint       = {1805.01696},
	keywords     = {Mathematics - Differential Geometry,Mathematics - Symplectic Geometry}
}
@article{Miti2019,
	title        = {Multisymplectic actions of compact Lie groups on spheres},
	author       = {Miti, Antonio Michele and Ryvkin, Leonid},
	year         = 2020,
	journal      = {Journal of Symplectic Geometry},
	volume       = 18,
	number       = 6,
	pages        = {1751--1785},
	doi          = {10.4310/JSG.2020.v18.n6.a6},
	issn         = 15275256,
	url          = {https://www.intlpress.com/site/pub/pages/journals/items/jsg/content/vols/0018/0006/a006/},
	archiveprefix = {arXiv},
	arxivid      = {1906.08790},
	eprint       = {1906.08790},
	keywords     = {Cohomological obstructions,Compact groups actions,Groups of multisymplectic diffeomorphisms,Homotopy comoment maps,Multisymplectic geometry}
}
@article{Miti2019a,
	title        = {Derivation of the {HOMFLYPT} knot polynomial via helicity and geometric quantization},
	author       = {Miti, Antonio Michele and Spera, Mauro},
	year         = 2020,
	month        = aug,
	journal      = {Bollettino dell'Unione Matematica Italiana},
	publisher    = {Springer International Publishing},
	doi          = {10.1007/s40574-020-00254-5},
	issn         = {1972-6724},
	url          = {http://link.springer.com/10.1007/s40574-020-00254-5},
	archiveprefix = {arXiv},
	arxivid      = {1910.13400},
	eprint       = {1910.13400},
	keywords     = {Geometric quantization,Hydrodynamics,Knot polynomials,Lagrangian submanifolds,Maslov index,Symplectic geometry,geometric quantization,hydrodynamics,symplectic geometry}
}
@article{Miti2022,
	title        = {Observables on multisymplectic manifolds and higher Courant algebroids},
	author       = {Miti, Antonio Michele and Zambon, Marco},
	year         = 2024,
	month        = nov,
	journal      = {Communications in Contemporary Mathematics},
	pages        = {1--48},
	doi          = {10.1142/s0219199725500063},
	issn         = {0219-1997},
	url          = {http://arxiv.org/abs/2209.05836 https://www.worldscientific.com/doi/10.1142/S0219199725500063},
	archiveprefix = {arXiv},
	arxivid      = {2209.05836},
	eprint       = {2209.05836}
}
@article{Blacker2022,
	title        = {Reduction of {$L_\infty$-algebras} of observables on multisymplectic manifolds},
	author       = {Blacker, Casey and Miti, Antonio Michele and Ryvkin, Leonid},
	year         = 2024,
	month        = jul,
	journal      = {Symmetry, Integrability and Geometry: Methods and Applications},
	doi          = {10.3842/sigma.2024.061},
	issn         = 18150659,
	url          = {https://www.emis.de/journals/SIGMA/2024/061/},
	archiveprefix = {arXiv},
	arxivid      = {2206.03137},
	eprint       = {2206.03137}
}
@article{Luongo2024,
	title        = {Measurement-based uncomputation of quantum circuits for modular arithmetic},
	author       = {Alessandro Luongo and Antonio Michele Miti and Varun Narasimhachar and Adithya Sireesh},
	year         = 2024,
	month        = jul,
	journal      = {arXiv:2407.20167},
	isbn         = {2407.20167v1},
	url          = {https://arxiv.org/abs/2407.20167},
	archiveprefix = {arXiv},
	arxivid      = {2407.20167},
	eprint       = {2407.20167}
}
@phdthesis{Miti2020a,
	title        = {Homotopy comomentum maps in multisymplectic geometry},
	author       = {Miti, Antonio Michele},
	year         = 2021,
	month        = apr,
	url          = {https://arxiv.org/abs/2105.05645},
	school       = {Universit{\`{a}} Cattolica del Sacro Cuore {\&} KU Leuven},
	type         = {Doctoral thesis},
	howpublished = {\href{https://tesionline.unicatt.it/handle/10280/94031}{https://limo.libis.be/primo-explore/fulldisplay?docid=LIRIAS3408626&context=L&vid=Lirias&search_scope=Lirias&tab=default_tab&lang=en_US&fromSitemap=1}}
}
@unpublished{Miti2024a,
	title        = {Poincar\'e-Cartan forms for multisymplectic field theory},
	author       = {Miti, Antonio Michele and Zanello, Fabrizio},
	year         = 2025,
	pages        = {to appear},
	pubstate     = {forthcoming}
}
@unpublished{Miti2024c,
	title        = {Constraint algebras of multisyplectic observables},
	author       = {Miti, Antonio Michele and Ryvkin, Leonid},
	year         = 2025,
	pages        = {to appear},
	pubstate     = {forthcoming}
}
