@article{LiuRicca15,
	title        = {On the derivation of the {HOMFLYPT} polynomial invariant for fluid knots},
	author       = {Liu, Xin and Ricca, Renzo L.},
	year         = 2015,
	journal      = {J. Fluid Mech.},
	volume       = 773,
	pages        = {34--48},
	doi          = {10.1017/jfm.2015.231},
	issn         = {0022-1120},
	url          = {hdl.handle.net/10281/90082},
	fjournal     = {Journal of Fluid Mechanics},
	language     = {English},
	zbmath       = 6523569,
	zbl          = {1331.76009}
}
@article{BesanaSpera06,
	title        = {On some symplectic aspects of knot framings},
	author       = {Besana, Alberto and Spera, Mauro},
	year         = 2006,
	journal      = {J. Knot Theory Ramifications},
	volume       = 15,
	number       = 7,
	pages        = {883--912},
	doi          = {10.1142/s0218216506004798},
	issn         = {0218-2165},
	fjournal     = {Journal of Knot Theory and its Ramifications},
	language     = {English},
	zbmath       = 5123146,
	zbl          = {1114.53065}
}
@article{SniatyckiWeinstein83,
	title        = {Reduction and quantization for singular momentum mappings},
	author       = {Sniatycki, Jedrzej and Weinstein, Alan},
	year         = 1983,
	month        = mar,
	journal      = {Lett. Math. Phys.},
	volume       = 7,
	number       = 2,
	pages        = {155--161},
	doi          = {10.1007/bf00419934},
	issn         = {0377-9017},
	url          = {http://link.springer.com/10.1007/BF00419934},
	fjournal     = {Letters in Mathematical Physics},
	language     = {English},
	zbmath       = 3820755,
	zbl          = {0518.58020}
}
@article{zbMATH06046103,
	title        = {{\(L _{\infty }\)-algebras from multisymplectic geometry.}},
	author       = {Christopher L. {Rogers}},
	year         = 2012,
	journal      = {Lett. Math. Phys.},
	publisher    = {Springer Netherlands, Dordrecht},
	volume       = 100,
	number       = 1,
	pages        = {29--50},
	issn         = {0377-9017; 1573-0530/e},
	fjournal     = {Letters in Mathematical Physics},
	language     = {English},
	msc2010      = {53d05 17b55 70s05},
	zbl          = {1255.53061}
}
@article{1610.05592,
	title        = {Conserved quantities on multisymplectic manifolds},
	author       = {Ryvkin, Leonid and Wurzbacher, Tilmann and Zambon, Marco},
	year         = 2018,
	month        = dec,
	journal      = {J. Aust. Math. Soc.},
	publisher    = {Cambridge University Press ({CUP})},
	pages        = {1--25},
	doi          = {10.1017/s1446788718000381},
	issn         = {1446-7887},
	url          = {https://doi.org/10.1017/S1446788718000381 https://www.cambridge.org/core/product/identifier/S1446788718000381/type/journal{\%5F}article}
}
@article{zbMATH06141805,
	title        = {L $\infty$-algebras and higher analogues of Dirac structures and Courant algebroids},
	author       = {Zambon, Marco},
	year         = 2012,
	journal      = {J. Symplectic Geom.},
	publisher    = {International Press of Boston, Somerville, MA},
	volume       = 10,
	number       = 4,
	pages        = {563--599},
	doi          = {10.4310/JSG.2012.v10.n4.a4},
	issn         = 15275256,
	url          = {http://arxiv.org/abs/1003.1004 http://www.intlpress.com/site/pub/pages/journals/items/jsg/content/vols/0010/0004/a004/},
	fjournal     = {The Journal of Symplectic Geometry},
	language     = {English},
	msc2010      = {53d17 17b66 16w25},
	zbl          = {1260.53134}
}
@article{Lavau2020,
	title        = {$L_\infty$-algebra extensions of Leibniz algebras},
	author       = {Lavau, Sylvain and Stasheff, Jim},
	year         = 2020,
	month        = mar,
	journal      = {arXiv:2003.07838},
	url          = {http://arxiv.org/abs/2003.07838},
	archiveprefix = {arXiv},
	arxivid      = {2003.07838},
	eprint       = {2003.07838}
}
@article{Rogers2013,
	title        = {2-Plectic geometry, Courant algebroids, and categorified prequantization},
	author       = {Rogers, Christopher L.},
	year         = 2013,
	month        = sep,
	journal      = {J. Symplectic Geom.},
	volume       = 11,
	number       = 1,
	pages        = {53--91},
	doi          = {10.4310/JSG.2013.v11.n1.a4},
	issn         = 15275256,
	url          = {http://arxiv.org/abs/1009.2975 http://www.intlpress.com/site/pub/pages/journals/items/jsg/content/vols/0011/0001/a004/},
	archiveprefix = {arXiv},
	arxivid      = {1009.2975},
	eprint       = {1009.2975}
}
@article{MR3256637,
	title        = {2d gauge theories and generalized geometry},
	author       = {Kotov, Alexei and Salnikov, Vladimir and Strobl, Thomas},
	year         = 2014,
	journal      = {J. High Energy Phys.},
	number       = 8,
	pages        = {021, front matter+21},
	doi          = {10.1007/jhep08(2014)021},
	issn         = {1126-6708},
	fjournal     = {Journal of High Energy Physics},
	mrclass      = {81t13},
	mrnumber     = 3256637
}
@article{Fregier2015,
	title        = {A cohomological framework for homotopy moment maps},
	author       = {Fr{\'{e}}gier, Ya{\"{e}}l and Laurent-Gengoux, Camille and Zambon, Marco},
	year         = 2015,
	month        = sep,
	journal      = {J. Geom. Phys.},
	volume       = 97,
	pages        = {119--132},
	doi          = {10.1016/j.geomphys.2015.07.010},
	issn         = 3930440,
	url          = {https://arxiv.org/pdf/1409.3142.pdf http://arxiv.org/abs/1409.3142 http://dx.doi.org/10.1016/j.geomphys.2015.07.010}
}
@article{Bridges1997,
	title        = {A geometric formulation of the conservation of wave action and its implications for signature and the classification of instabilities},
	author       = {Bridges, T.J.},
	year         = 1997,
	journal      = {P. Roy. Soc. A-Math. Phy.},
	volume       = 453,
	number       = 1962,
	pages        = {1365--1395},
	doi          = {10.1098/rspa.1997.0075},
	url          = {https://www.scopus.com/inward/record.uri?eid=2-s2.0-0030695841\&doi=10.1098\%2frspa.1997.0075\&partnerID=40\&md5=3a9eec1005fbc78d049c7578a968eb08}
}
@misc{1608.07424,
	title        = {A multisymplectic manifold not covered by Darboux charts},
	author       = {Leonid Ryvkin},
	year         = 2016,
	eprint       = {arXiv:1608.07424}
}
@article{Spera2011,
	title        = {A note on n-gerbes and transgressions},
	author       = {Spera, Mauro},
	year         = 2011,
	journal      = {Port. Math.},
	volume       = 68,
	pages        = {381--387},
	doi          = {10.4171/pm/1897},
	issn         = {0032-5155},
	url          = {http://www.ems-ph.org/doi/10.4171/PM/1897}
}
@article{MR1779159,
	title        = {A path integral approach to the Kontsevich quantization formula},
	author       = {Cattaneo, Alberto S. and Felder, Giovanni},
	year         = 2000,
	journal      = {Comm. Math. Phys.},
	volume       = 212,
	number       = 3,
	pages        = {591--611},
	doi          = {10.1007/s002200000229},
	issn         = {0010-3616},
	fjournal     = {Communications in Mathematical Physics},
	mrclass      = {53d55 (58d30 81s40 81t18 81t40 81t45)},
	mrnumber     = 1779159,
	mrreviewer   = {Martin Schlichenmaier}
}
@article{Vallette2014,
	title        = {Algebra + Homotopy = Operad},
	author       = {Vallette, Bruno},
	year         = 2014,
	journal      = {Symplectic, Poisson Noncommutative Geom.},
	volume       = 62,
	pages        = {229--290},
	doi          = {10.1.1.233.4662},
	issn         = {{\textless}null{\textgreater}},
	archiveprefix = {arXiv},
	arxivid      = {arXiv:1202.3245v1},
	eprint       = {arXiv:1202.3245v1}
}
@article{Ryvkin2018,
	title        = {An invitation to multisymplectic geometry},
	author       = {Ryvkin, L. and Wurzbacher, T.},
	year         = 2019,
	month        = aug,
	journal      = {J. Geom. Phys.},
	volume       = 142,
	pages        = {9--36},
	doi          = {10.1016/j.geomphys.2019.03.006},
	issn         = {0393-0440},
	url          = {http://arxiv.org/abs/1804.02553 https://linkinghub.elsevier.com/retrieve/pii/S0393044018301189},
	fjournal     = {Journal of Geometry and Physics},
	language     = {English},
	zbmath       = 7068171,
	zbl          = {1416.53076}
}
@article{Ritter2015a,
	title        = {Automorphisms of Strong Homotopy Lie Algebras of Local Observables},
	author       = {Ritter, Patricia and Saemann, Christian},
	year         = 2015,
	month        = jul,
	journal      = {arXiv:1507.00972},
	url          = {http://arxiv.org/abs/1507.00972},
	archiveprefix = {arXiv},
	arxivid      = {1507.00972},
	eprint       = {1507.00972}
}
@article{Bordemann2000,
	title        = {BRST Cohomology and Phase Space Reduction in Deformation Quantization},
	author       = {Bordemann, Martin and Herbig, Hans-Christian and Waldmann, Stefan},
	year         = 2000,
	month        = mar,
	journal      = {Commun. Math. Phys.},
	volume       = 210,
	number       = 1,
	pages        = {107--144},
	doi          = {10.1007/s002200050774},
	issn         = {0010-3616},
	url          = {http://link.springer.com/10.1007/s002200050774},
	archiveprefix = {arXiv},
	arxivid      = {math/9901015},
	eprint       = 9901015,
	primaryclass = {math}
}
@misc{1912.13511,
	title        = {BV and BFV for the H-twisted Poisson sigma model I: Essential formulas and geometric interpretations},
	author       = {Noriaki Ikeda and Thomas Strobl},
	year         = 2019,
	eprint       = {arXiv:1912.13511}
}
@article{Baez2010,
	title        = {Categorified Symplectic Geometry and the Classical String},
	author       = {Baez, John C. and Hoffnung, Alexander E. and Rogers, Christopher L.},
	year         = 2010,
	month        = feb,
	journal      = {Commun. Math. Phys.},
	volume       = 293,
	number       = 3,
	pages        = {701--725},
	doi          = {10.1007/s00220-009-0951-9},
	isbn         = {0022000909},
	issn         = {0010-3616},
	url          = {http://link.springer.com/10.1007/s00220-009-0951-9 http://arxiv.org/abs/0808.0246 http://dx.doi.org/10.1007/s00220-009-0951-9},
	archiveprefix = {arXiv},
	arxivid      = {0808.0246},
	eprint       = {0808.0246}
}
@article{Madsen2013,
	title        = {Closed forms and multi-moment maps},
	author       = {Madsen, Thomas Bruun and Swann, Andrew},
	year         = 2013,
	month        = aug,
	journal      = {Geom. Dedicata},
	volume       = 165,
	number       = 1,
	pages        = {25--52},
	doi          = {10.1007/s10711-012-9783-4},
	issn         = {0046-5755},
	url          = {http://link.springer.com/10.1007/s10711-012-9783-4}
}
@article{Roytenberg1998,
	title        = {Courant Algebroids and Strongly Homotopy Lie Algebras},
	author       = {Roytenberg, Dmitry and Weinstein, Alan},
	year         = 1998,
	month        = feb,
	journal      = {Lett. Math. Phys.},
	volume       = 46,
	number       = 1,
	pages        = {81--93},
	doi          = {10.1023/a:1007452512084},
	issn         = {1573-0530},
	url          = {http://arxiv.org/abs/math/9802118 https://doi.org/10.1023/A:1007452512084{\%}0A},
	archiveprefix = {arXiv},
	arxivid      = {math/9802118},
	eprint       = 9802118,
	primaryclass = {math}
}
@article{Khavkine2014,
	title        = {Covariant phase space, constraints, gauge and the Peierls formula},
	author       = {Khavkine, Igor},
	year         = 2014,
	month        = feb,
	journal      = {Int. J. Mod. Phys. A},
	volume       = 29,
	number       = 5,
	pages        = 1430009,
	doi          = {10.1142/s0217751x14300099},
	issn         = {0217-751x},
	url          = {http://arxiv.org/abs/1402.1282 https://www.worldscientific.com/doi/abs/10.1142/S0217751X14300099},
	archiveprefix = {arXiv},
	arxivid      = {1402.1282},
	eprint       = {1402.1282}
}
@article{Forger2005,
	title        = {Covariant Poisson Brackets in Geometric Field Theory},
	author       = {Forger, M. and Romero, S.V.},
	year         = 2005,
	month        = jun,
	journal      = {Comm. Math. Phys.},
	volume       = 256,
	pages        = {375--410},
	doi          = {10.1007/s00220-005-1287-8},
	issn         = {0010-3616},
	url          = {http://link.springer.com/10.1007/s00220-005-1287-8},
	primaryclass = {math-ph}
}
@article{Kleckner2013,
	title        = {Creation and dynamics of knotted vortices},
	author       = {Kleckner, Dustin and Irvine, William T M},
	year         = 2013,
	month        = apr,
	journal      = {Nat. Phys.},
	publisher    = {Nature Publishing Group},
	volume       = 9,
	number       = 4,
	pages        = {253--258},
	doi          = {10.1038/nphys2560},
	isbn         = {1745-2473},
	issn         = {1745-2473},
	url          = {http://dx.doi.org/10.1038/nphys2560 http://www.nature.com/articles/nphys2560}
}
@article{MR2062626,
	title        = {Deformation quantization of Poisson manifolds},
	author       = {Kontsevich, Maxim},
	year         = 2003,
	journal      = {Lett. Math. Phys.},
	volume       = 66,
	number       = 3,
	pages        = {157--216},
	doi          = {10.1023/B:MATH.0000027508.00421.bf},
	issn         = {0377-9017},
	fjournal     = {Letters in Mathematical Physics},
	mrclass      = {53d55 (16e40 53d17 81s10)},
	mrnumber     = 2062626,
	mrreviewer   = {David Chataur}
}
@article{Nijenhuis1967,
	title        = {Deformations of Lie Algebra Structures},
	author       = {Nijenhuis, Albert and {Richardson, Jr.}, R.},
	year         = 1967,
	journal      = {Indiana U. Math. J.},
	volume       = 17,
	number       = 1,
	pages        = {89--105},
	doi          = {10.1512/iumj.1968.17.17005},
	issn         = {0022-2518},
	url          = {http://www.iumj.indiana.edu/IUMJ/fulltext.php?artid=17005{\&}year=1968{\&}volume=17}
}
@article{Kosmann-Schwarzbach2004,
	title        = {Derived Brackets},
	author       = {Kosmann-Schwarzbach, Yvette},
	year         = 2004,
	month        = jul,
	journal      = {Lett. Math. Phys.},
	volume       = 69,
	number       = {1-3},
	pages        = {61--87},
	doi          = {10.1007/s11005-004-0608-8},
	issn         = {0377-9017},
	url          = {http://arxiv.org/abs/math/0312524 http://dx.doi.org/10.1007/s11005-004-0608-8 http://link.springer.com/10.1007/s11005-004-0608-8},
	archiveprefix = {arXiv},
	arxivid      = {math/0312524},
	eprint       = {0312524},
	primaryclass = {math}
}
@article{Salnikov-Strobl,
	title        = {Dirac Sigma Models from Gauging},
	author       = {Vladimir Salnikov and Thomas Strobl},
	year         = 2013,
	doi          = {10.1007/jhep11(2013)110},
	eprint       = {arXiv:1311.7116},
	howpublished = {Journal of High Energy Physics: November 2013, 2013:110}
}
@article{MR3353735,
	title        = {Existence and unicity of co-moments in multisymplectic geometry},
	author       = {Ryvkin, Leonid and Wurzbacher, Tilmann},
	year         = 2015,
	journal      = {Differential Geom. Appl.},
	volume       = 41,
	pages        = {1--11},
	fjournal     = {Differential Geometry and its Applications},
	mrclass      = {70g65 (53d05 53d20)},
	mrnumber     = 3353735,
	mrreviewer   = {Silvia Vilari\~no}
}
@article{MR3815227,
	title        = {Existence and uniqueness of weak homotopy moment maps},
	author       = {Herman, Jonathan},
	year         = 2018,
	journal      = {J. Geom. Phys.},
	volume       = 131,
	pages        = {52--65},
	doi          = {10.1016/j.geomphys.2018.05.001},
	issn         = {0393-0440},
	fjournal     = {Journal of Geometry and Physics},
	mrclass      = {53d20},
	mrnumber     = 3815227
}
@article{Enciso2015,
	title        = {Existence of knotted vortex tubes in steady Euler flows},
	author       = {Enciso, Alberto and Peralta-Salas, Daniel},
	year         = 2015,
	month        = oct,
	journal      = {Acta Math.},
	volume       = 214,
	number       = 1,
	pages        = {61--134},
	doi          = {10.1007/s11511-015-0123-z},
	issn         = {0001-5962},
	url          = {http://arxiv.org/abs/1210.6271 http://projecteuclid.org/euclid.acta/1485802412}
}
@article{Lavau2020b,
	title        = {From differential crossed modules to tensor hierarchies},
	author       = {Lavau, Sylvain and Stasheff, Jim},
	year         = 2020,
	month        = mar,
	url          = {http://arxiv.org/abs/2003.07838},
	archiveprefix = {arXiv},
	arxivid      = {2003.07838},
	eprint       = {2003.07838}
}
@article{MR4016013,
	title        = {Gauge PDE and AKSZ-type sigma models},
	author       = {Grigoriev, Maxim and Kotov, Alexei},
	year         = 2019,
	journal      = {Fortschr. Phys.},
	volume       = 67,
	number       = {8-9, Special issue: Proceedings of the LMS/EPSRC Durham Symposium on Higher Structures in M-Theory},
	pages        = {1910007, 13},
	doi          = {10.1002/prop.201910007},
	issn         = {0015-8208},
	fjournal     = {Fortschritte der Physik. Progress of Physics},
	mrclass      = {81t13 (35q40 58a20)},
	mrnumber     = 4016013
}
@article{MR3428364,
	title        = {Gauging without initial symmetry},
	author       = {Kotov, Alexei and Strobl, Thomas},
	year         = 2016,
	journal      = {J. Geom. Phys.},
	volume       = 99,
	pages        = {184--189},
	doi          = {10.1016/j.geomphys.2015.10.004},
	issn         = {0393-0440},
	fjournal     = {Journal of Geometry and Physics},
	mrclass      = {53c05 (58h05)},
	mrnumber     = 3428364,
	mrreviewer   = {Gheorghe Munteanu}
}
@phdthesis{Gualtieri2004,
	title        = {Generalized complex geometry},
	author       = {Gualtieri, Marco},
	year         = 2003,
	url          = {https://arxiv.org/pdf/math/0401221.pdf http://arxiv.org/abs/math/0401221},
	archiveprefix = {arXiv},
	arxivid      = {math/0401221},
	eprint       = {0401221},
	primaryclass = {math},
	school       = {University of Oxford},
	type         = {Phd thesis}
}
@article{Arms1990,
	title        = {Geometric and algebraic reduction for singular momentum maps},
	author       = {Arms, Judith M. and Gotay, Mark J. and Jennings, George},
	year         = 1990,
	journal      = {Adv. Math.},
	volume       = 79,
	number       = 1,
	pages        = {43--103},
	doi          = {10.1016/0001-8708(90)90058-u},
	issn         = 10902082
}
@book{CannasDaSilva1998,
	title        = {Geometric Models for Noncommutative Algebra},
	author       = {Silva, Ana Cannas Da and Weinstein, Alan},
	year         = 1999,
	publisher    = {Berkeley Mathematics Lecture Notes},
	pages        = 202,
	isbn         = 9780821809525,
	url          = {http://books.google.com/books?id=2fcC1EGKz08C}
}
@article{Guillemin1982,
	title        = {Geometric quantization and multiplicities of group representations},
	author       = {Guillemin, V. and Sternberg, S.},
	year         = 1982,
	month        = oct,
	day          = 1,
	journal      = {Invent. Math.},
	volume       = 67,
	number       = 3,
	pages        = {515--538},
	doi          = {10.1007/bf01398934},
	issn         = {1432-1297},
	url          = {https://doi.org/10.1007/BF01398934}
}
@article{Baez2020,
	title        = {Getting to the Bottom of Noether's Theorem},
	author       = {Baez, John C},
	year         = 2020,
	month        = jun,
	journal      = {arXiv:2006.14741},
	url          = {http://arxiv.org/abs/2006.14741},
	archiveprefix = {arXiv},
	arxivid      = {2006.14741},
	eprint       = {2006.14741}
}
@article{Voronov2005a,
	title        = {Higher derived brackets and homotopy algebras},
	author       = {Voronov, Theodore},
	year         = 2005,
	month        = nov,
	journal      = {J. Pure Appl. Algebr.},
	volume       = 202,
	number       = {1-3},
	pages        = {133--153},
	doi          = {10.1016/j.jpaa.2005.01.010},
	issn         = {00224049},
	url          = {https://linkinghub.elsevier.com/retrieve/pii/S0022404905000186},
	archiveprefix = {arXiv},
	arxivid      = {math/0304038},
	eprint       = {0304038},
	primaryclass = {math}
}
@article{Getzler1991,
	title        = {Higher derived brackets},
	author       = {Getzler, Ezra},
	year         = 2010,
	month        = oct,
	journal      = {arXiv:1010.5859},
	url          = {https://arxiv.org/pdf/1010.5859.pdf http://arxiv.org/abs/1010.5859{\%}5Cnhttp://atlas-conferences.com/c/a/m/g/11.htm http://arxiv.org/abs/1010.5859},
	archiveprefix = {arXiv},
	arxivid      = {1010.5859},
	eprint       = {1010.5859}
}
@article{Penna2002,
	title        = {Higher Order Linking Numbers, Curvature And Holonomy},
	author       = {Penna, Vittorio and Spera, Mauro},
	year         = 2002,
	month        = aug,
	journal      = {J. Knot Theory Its Ramifications},
	volume       = 11,
	number       = 5,
	pages        = {701--723},
	doi          = {10.1142/s0218216502001913},
	issn         = {0218-2165},
	url          = {http://www.worldscientific.com/doi/abs/10.1142/S0218216598000206}
}
@article{Schreiber2016,
	title        = {Higher prequantum geometry},
	author       = {Schreiber, Urs},
	year         = 2016,
	month        = jan,
	journal      = {arXiv:1601.05956},
	url          = {http://arxiv.org/abs/1601.05956},
	archiveprefix = {arXiv},
	arxivid      = {1601.05956},
	eprint       = {1601.05956}
}
@article{Fiorenza2016,
	title        = {Higher U(1)-gerbe connections in geometric prequantization},
	author       = {Fiorenza, Domenico and Rogers, Christopher L. and Schreiber, Urs},
	year         = 2016,
	month        = jul,
	journal      = {Rev. Math. Phys.},
	volume       = 28,
	number       = {06},
	pages        = 1650012,
	doi          = {10.1142/s0129055x16500124},
	issn         = {0129-055x},
	url          = {http://arxiv.org/abs/1304.0236 http://dx.doi.org/10.1142/S0129055X16500124 http://www.worldscientific.com/doi/abs/10.1142/S0129055X16500124 https://www.worldscientific.com/doi/abs/10.1142/S0129055X16500124},
	annote       = {https://ncatlab.org/schreiber/show/Higher+geometric+prequantum+theory},
	archiveprefix = {arXiv},
	arxivid      = {1304.0236},
	eprint       = {1304.0236}
}
@article{Fiorenza2014a,
	title        = {$L_\infty$-algebras of local observables from higher prequantum bundles},
	author       = {Fiorenza, Domenico and Rogers, Christopher L. and Schreiber, Urs},
	year         = 2014,
	journal      = {Homol. Homotopy Appl.},
	volume       = 16,
	number       = 2,
	pages        = {107--142},
	doi          = {10.4310/HHA.2014.v16.n2.a6},
	issn         = 15320073,
	url          = {http://dx.doi.org/10.4310/HHA.2014.v16.n2.a6 http://www.intlpress.com/site/pub/pages/journals/items/hha/content/vols/0016/0002/a006/}
}
@article{Baez2003,
	title        = {Higher-Dimensional Algebra VI: Lie 2-Algebras},
	author       = {Baez, John C. and Crans, Alissa S.},
	year         = 2003,
	month        = jul,
	journal      = {Theory Appl. Categ.},
	volume       = 12,
	number       = 1,
	pages        = {492--538},
	issn         = {1201561x},
	url          = {http://arxiv.org/abs/math/0307263},
	archiveprefix = {arXiv},
	arxivid      = {math/0307263},
	eprint       = {0307263},
	primaryclass = {math}
}
@article{Stasheff1997,
	title        = {Homological reduction of constrained Poisson algebras},
	author       = {Stasheff, Jim},
	year         = 1997,
	month        = jan,
	journal      = {Journal of Differential Geometry},
	volume       = 45,
	number       = 1,
	pages        = {221--240},
	doi          = {10.4310/jdg/1214459757},
	issn         = {0022-040x},
	url          = {https://projecteuclid.org/journals/journal-of-differential-geometry/volume-45/issue-1/Homological-reduction-of-constrained-Poisson-algebras/10.4310/jdg/1214459757.full}
}
@article{Callies2016,
	title        = {Homotopy moment maps},
	author       = {Callies, Martin and Fr{\'{e}}gier, Ya{\"{e}}l and Rogers, Christopher L. and Zambon, Marco},
	year         = 2016,
	month        = nov,
	journal      = {Adv. Math. (N. Y).},
	volume       = 303,
	pages        = {954--1043},
	doi          = {10.1016/j.aim.2016.08.012},
	issn         = 18708,
	url          = {http://arxiv.org/abs/1304.2051 https://linkinghub.elsevier.com/retrieve/pii/S0001870816310192},
	date-added   = {2015-03-27 18:39:33 +0000},
	date-modified = {2016-09-12 09:14:50 +0000},
	bdsk-url-1   = {http://arxiv.org/abs/1304.2051}
}
@article{Lavau2020a,
	title        = {Infinity-enhancing of Leibniz algebras},
	author       = {Lavau, Sylvain and Palmkvist, Jakob},
	year         = 2020,
	journal      = {Lett. Math. Phys.},
	publisher    = {Springer Netherlands},
	volume       = 110,
	number       = 11,
	pages        = {3121--3152},
	doi          = {10.1007/s11005-020-01324-7},
	issn         = 15730530,
	url          = {https://doi.org/10.1007/s11005-020-01324-7}
}
@article{Lada1993,
	title        = {Introduction to SH Lie algebras for physicists},
	author       = {Lada, Tom and Stasheff, Jim},
	year         = 1993,
	month        = jul,
	journal      = {Int. J. Theor. Phys.},
	volume       = 32,
	number       = 7,
	pages        = {1087--1103},
	doi          = {10.1007/bf00671791},
	isbn         = 700108750,
	issn         = 207748,
	url          = {http://link.springer.com/10.1007/BF00671791},
	archiveprefix = {arXiv},
	arxivid      = {hep-th/9209099},
	eprint       = 9209099,
	primaryclass = {hep-th}
}
@article{Rogers2010,
	title        = {L $\infty$-Algebras from Multisymplectic Geometry},
	author       = {Rogers, Christopher L.},
	year         = 2012,
	month        = apr,
	journal      = {Lett. Math. Phys.},
	volume       = 100,
	number       = 1,
	pages        = {29--50},
	doi          = {10.1007/s11005-011-0493-x},
	issn         = {0377-9017},
	url          = {https://arxiv.org/pdf/1005.2230.pdf http://dx.doi.org/10.1007/s11005-011-0493-x http://link.springer.com/10.1007/s11005-011-0493-x}
}
@article{Zhu,
	title        = {Lie algebroid fibrations},
	author       = {Brahic, Olivier and Zhu, Chenchang},
	year         = 2011,
	journal      = {Adv. Math.},
	volume       = 226,
	number       = 4,
	pages        = {3105--3135},
	fjournal     = {Advances in Mathematics}
}
@article{MR3939665,
	title        = {Lie algebroids, gauge theories, and compatible geometrical structures},
	author       = {Kotov, Alexei and Strobl, Thomas},
	year         = 2019,
	journal      = {Rev. Math. Phys.},
	volume       = 31,
	number       = 4,
	pages        = {1950015, 31},
	doi          = {10.1142/s0129055x19500156},
	issn         = {0129-055x},
	fjournal     = {Reviews in Mathematical Physics. A Journal for Both Review and Original Research Papers in the Field of Mathematical Physics},
	mrclass      = {53d17 (22a22 53b15 53b21 53c12 53z05 81t13)},
	mrnumber     = 3939665,
	mrreviewer   = {Iakovos Androulidakis}
}
@misc{1609.02184,
	title        = {Linear orbits of alternating forms on real vector spaces},
	author       = {Leonid Ryvkin},
	year         = 2016,
	eprint       = {arXiv:1609.02184}
}
@article{Benvegnu2013,
	title        = {Low-dimensional pure braid group representations via nilpotent flat connections},
	author       = {Benvegn{\`{u}}, Alberto and Spera, Mauro},
	year         = 2013,
	journal      = {Bolletino dell Unione Mat. Ital.},
	volume       = 6,
	number       = 3,
	pages        = {643--672},
	issn         = 19726724
}
@techreport{Marsden1998a,
	title        = {Mathematical Physics Multisymplectic Geometry, Variational Integrators, and Nonlinear PDEs},
	author       = {Marsden, Jerrold E and Patrick, George W and Shkoller, Steve},
	year         = 1998,
	booktitle    = {Commun. Math. Phys},
	volume       = 199,
	pages        = {351--395}
}
@book{Fresse2009,
	title        = {Modules over Operads and Functors},
	author       = {Fresse, Benoit},
	year         = 2009,
	booktitle    = {Lect. Notes Math.},
	publisher    = {Springer Berlin Heidelberg},
	address      = {Berlin, Heidelberg},
	series       = {Lecture Notes in Mathematics},
	volume       = 1967,
	doi          = {10.1007/978-3-540-89056-0},
	isbn         = {978-3-540-89055-3},
	issn         = {00758434},
	url          = {http://link.springer.com/10.1007/978-3-540-89056-0}
}
@inproceedings{Guillemin2002,
	title        = {Moment Maps, Cobordisms, and Hamiltonian Group Actions},
	author       = {Victor Guillemin and Vitalii Lazarevich Ginzburg and Yael Karshon},
	year         = 2002
}
@article{Gimmsy2,
	title        = {Momentum Maps and Classical Relativistic Fields. Part II: Canonical Analysis of Field Theories},
	author       = {Gotay, Mark J. and Isenberg, James and Marsden, Jerrold E. and Montgomery, Richard and Sniatycki, Jedrzej and Yasskin, Philip B.},
	year         = 2004,
	month        = nov,
	url          = {http://arxiv.org/abs/math-ph/0411032},
	archiveprefix = {arXiv},
	arxivid      = {math-ph/0411032},
	eprint       = {0411032},
	primaryclass = {math-ph}
}
@article{Gimmsy1,
	title        = {Momentum Maps and Classical Relativistic Fields. Part I: Covariant Field Theory},
	author       = {Gotay, Mark J. and Isenberg, James and Marsden, Jerrold E. and Montgomery, Richard and Sniatycki, Jedrzej and Yasskin, Philip B.},
	year         = 1997,
	month        = jan,
	url          = {https://arxiv.org/abs/physics/9801019 http://arxiv.org/abs/physics/9801019},
	archiveprefix = {arXiv},
	arxivid      = {physics/9801019},
	eprint       = 9801019,
	primaryclass = {physics}
}
@article{Bridges2001a,
	title        = {Multi-symplectic integrators: numerical schemes for Hamiltonian PDEs that conserve symplecticity},
	author       = {Bridges, Thomas J. and Reich, Sebastian},
	year         = 2001,
	month        = jun,
	journal      = {Phys. Lett. A},
	volume       = 284,
	number       = {4-5},
	pages        = {184--193},
	doi          = {10.1016/s0375-9601(01)00294-8},
	issn         = 3759601,
	url          = {https://linkinghub.elsevier.com/retrieve/pii/S0375960101002948}
}
@article{Hydon2005,
	title        = {Multisymplectic conservation laws for differential and differential-difference equations},
	author       = {Hydon, P.E},
	year         = 2005,
	month        = jun,
	journal      = {Proc. R. Soc. A Math. Phys. Eng. Sci.},
	volume       = 461,
	number       = 2058,
	pages        = {1627--1637},
	doi          = {10.1098/rspa.2004.1444},
	issn         = {1364-5021},
	url          = {https://royalsocietypublishing.org/doi/10.1098/rspa.2004.1444}
}
@incollection{Helein2011b,
	title        = {Multisymplectic formalism and the covariant phase space},
	author       = {H{\'{e}}lein, Fr{\'{e}}d{\'{e}}ric},
	year         = 2011,
	booktitle    = {Var. Probl. Differ. Geom.},
	publisher    = {Cambridge University Press},
	address      = {Cambridge},
	pages        = {94--126},
	doi          = {10.1017/cbo9780511863219.007},
	url          = {https://hal.archives-ouvertes.fr/hal-00599691 https://www.cambridge.org/core/product/identifier/CBO9780511863219A041/type/book{\%5F}part},
	archiveprefix = {arXiv},
	arxivid      = {1106.2086},
	editor       = {Bielawski, Roger and Houston, Kevin and Speight, J.Martin},
	eprint       = {1106.2086}
}
@phdthesis{Delgado2018b,
	title        = {Multisymplectic Structures and Higher Momentum Maps},
	author       = {Delgado, Nestor Leon},
	year         = 2014,
	url          = {http://arxiv.org/abs/1811.01415 http://arxiv.org/abs/1811.01415{\%}0Ahttps://arxiv.org/abs/1811.01415},
	archiveprefix = {arXiv},
	arxivid      = {1811.01415},
	eprint       = {1811.01415},
	school       = {University of Bonn},
	type         = {Master thesis}
}
@article{Bridges2010,
	title        = {Multisymplectic structures and the variational bicomplex},
	author       = {Bridges, Thomas J. and Hydon, Peter E. and Lawson, Jeffrey K.},
	year         = 2010,
	month        = jan,
	journal      = {Math. Proc. Cambridge Philos. Soc.},
	volume       = 148,
	number       = 1,
	pages        = {159--178},
	doi          = {10.1017/s0305004109990259},
	issn         = {0305-0041},
	url          = {https://www.cambridge.org/core/product/identifier/S0305004109990259/type/	journal{\%5F}article}
}
@article{herman2018noether,
	title        = {Noether's theorem in multisymplectic geometry},
	author       = {Herman, Jonathan},
	year         = 2018,
	journal      = {Differential Geometry and its Applications},
	publisher    = {Elsevier},
	volume       = 56,
	pages        = {260--294}
}
@book{RyvkinBook,
	title        = {Observables and Symmetries of n-Plectic Manifolds (BestMasters)},
	author       = {Leonid Ryvkin},
	year         = 2016,
	publisher    = {Springer Spektrum}
}
@article{Forger2015,
	title        = {On covariant Poisson brackets in classical field theory},
	author       = {Forger, Michael and Salles, M{\'{a}}rio O.},
	year         = 2015,
	month        = oct,
	journal      = {J. Math. Phys.},
	volume       = 56,
	number       = 10,
	pages        = 102901,
	doi          = {10.1063/1.4932011},
	issn         = {0022-2488},
	url          = {http://arxiv.org/abs/1501.03780 https://arxiv.org/pdf/1501.03780.pdf http://aip.scitation.org/doi/10.1063/1.4932011}
}
@article{zbMATH07130881,
	title        = {On higher Dirac structures.},
	author       = {Henrique {Bursztyn} and Nicolas {Martinez Alba} and Roberto {Rubio}},
	year         = 2019,
	journal      = {Int. Math. Res. Not.},
	publisher    = {Oxford University Press, Cary, NC},
	volume       = 2019,
	number       = 5,
	pages        = {1503--1542},
	issn         = {1073-7928; 1687-0247/e},
	fjournal     = {IMRN. International Mathematics Research Notices},
	language     = {English},
	msc2010      = {32 58}
}
@article{Kimura1995,
	title        = {On operad structures of moduli spaces and string theory},
	author       = {Kimura, Takashi and Stasheff, Jim and Voronov, Alexander A},
	year         = 1995,
	month        = jul,
	journal      = {Commun. Math. Phys.},
	volume       = 171,
	number       = 1,
	pages        = {1--25},
	doi          = {10.1007/bf02103769},
	issn         = {0010-3616},
	url          = {http://link.springer.com/10.1007/BF02103769}
}
@article{Vilarino2011,
	title        = {{On the \$}k{\$}-symplectic, {\$}k{\$}-cosymplectic and multisymplectic formalisms of classical field theories},
	author       = {Vilari{\~{n}}o, Silvia and Salgado, Modesto and Rey, {\'{A}}ngel M. and Rom{\'{a}}n-Roy, Narciso},
	year         = 2011,
	month        = apr,
	journal      = {J. Geom. Mech.},
	volume       = 3,
	number       = 1,
	pages        = {113--137},
	doi          = {10.3934/jgm.2011.3.113},
	issn         = {1941-4889},
	url          = {http://www.aimsciences.org/journals/displayArticles.jsp?paperID=6143}
}
@incollection{MR1854134,
	title        = {On the AKSZ formulation of the Poisson sigma model},
	author       = {Cattaneo, Alberto S. and Felder, Giovanni},
	year         = 2001,
	journal      = {Lett. Math. Phys.},
	volume       = 56,
	number       = 2,
	pages        = {163--179},
	doi          = {10.1023/a:1010963926853},
	issn         = {0377-9017},
	note         = {EuroConf\'{e}rence Mosh\'{e} Flato 2000, Part II (Dijon)},
	fjournal     = {Letters in Mathematical Physics},
	mrclass      = {53d55 (58a50 81s10 81t45 81t70)},
	mrnumber     = 1854134,
	mrreviewer   = {Stefan Waldmann}
}
@misc{wLeyli,
	title        = {On the extension problem for weak moment maps},
	author       = {Leyli Mammadova and Leonid Ryvkin},
	year         = 2020,
	eprint       = {arXiv:2001.00264}
}
@article{Sevestre2021,
	title        = {On the prequantisation map for 2-plectic manifolds},
	author       = {Sevestre, G. and Wurzbacher, T.},
	year         = 2021,
	month        = jun,
	journal      = {Math. Phys. Anal. Geom.},
	publisher    = {Springer},
	volume       = 24,
	number       = 2,
	pages        = {1--31},
	doi          = {10.1007/s11040-021-09391-5},
	issn         = {1385-0172},
	url          = {https://hal.science/hal-03086191},
	hal_id       = {hal-03086191},
	hal_version  = {v1}
}
@article{MR3908847,
	title        = {On the relation of Lie algebroids to constrained systems and their BV/BFV formulation},
	author       = {Ikeda, Noriaki and Strobl, Thomas},
	year         = 2019,
	journal      = {Ann. Henri Poincar\'{e}},
	volume       = 20,
	number       = 2,
	pages        = {527--541},
	doi          = {10.1007/s00023-018-00754-3},
	issn         = {1424-0637},
	fjournal     = {Annales Henri Poincar\'{e}. A Journal of Theoretical and Mathematical Physics},
	mrclass      = {53d17 (37k30)},
	mrnumber     = 3908847
}
@article{Dehling2017,
	title        = {On weak Lie 3-algebras},
	author       = {Dehling, Malte},
	year         = 2017,
	month        = oct,
	journal      = {arXiv:1710.11104},
	url          = {http://arxiv.org/abs/1710.11104},
	archiveprefix = {arXiv},
	arxivid      = {1710.11104},
	eprint       = {1710.11104}
}
@incollection{Ortega2006,
	title        = {Poisson Reduction},
	author       = {Ortega, J.-P. and Ratiu, T.S.},
	year         = 2006,
	month        = aug,
	booktitle    = {Indiana U. Math. J.},
	publisher    = {Elsevier},
	pages        = {79--84},
	doi          = {10.1016/b0-12-512666-2/00502-2},
	isbn         = 9780125126601,
	issn         = {2297024x},
	url          = {http://arxiv.org/abs/math/0508635 https://linkinghub.elsevier.com/retrieve/pii/B0125126662005022},
	archiveprefix = {arXiv},
	arxivid      = {math/0508635},
	eprint       = {0508635},
	primaryclass = {math}
}
@article{MR1303989,
	title        = {Poisson structure induced (topological) field theories},
	author       = {Schaller, Peter and Strobl, Thomas},
	year         = 1994,
	journal      = {Modern Phys. Lett. A},
	volume       = 9,
	number       = 33,
	pages        = {3129--3136},
	doi          = {10.1142/s0217732394002951},
	issn         = {0217-7323},
	fjournal     = {Modern Physics Letters A. Particles and Fields, Gravitation, Cosmology, Nuclear Physics},
	mrclass      = {81t70 (81t40)},
	mrnumber     = 1303989,
	mrreviewer   = {S. L. Lyakhovich}
}
@incollection{Kost,
	title        = {Quantization and unitary representations},
	author       = {Kostant, Bertram},
	year         = 1970,
	booktitle    = {Lectures in modern analysis and applications III},
	publisher    = {Springer},
	address      = {Berlin},
	pages        = {87--208},
	doi          = {10.1007/BFb0079068},
	url          = {http://link.springer.com/10.1007/BFb0079068}
}
@article{Benini2013,
	title        = {Quantum Field Theory on Curved Backgrounds - a Primer},
	author       = {Benini, Marco and Dappiaggi, Claudio and Hack, Thomas-Paul},
	year         = 2013,
	month        = jul,
	journal      = {Int. J. Mod. Phys. A},
	volume       = 28,
	number       = 17,
	pages        = 1330023,
	doi          = {10.1142/s0217751x13300238},
	url          = {http://www.worldscientific.com/doi/abs/10.1142/S0217751X13300238}
}
@article{Berlund,
	title        = {{Rational homotopy theory of mapping spaces via Lie theory for $L_\infty$}-algebras},
	author       = {Berglund, Alexander},
	year         = 2015,
	journal      = {Homology Homotopy Appl.},
	volume       = 17,
	number       = 2,
	pages        = {343--369},
	fjournal     = {Homology, Homotopy and Applications}
}
@article{Blacker2020,
	title        = {Reduction of multisymplectic manifolds},
	author       = {Blacker, Casey},
	year         = 2021,
	month        = jun,
	journal      = {Lett. Math. Phys.},
	publisher    = {Springer Netherlands},
	volume       = 111,
	number       = 3,
	pages        = 64,
	doi          = {10.1007/s11005-021-01408-y},
	isbn         = {0123456789},
	issn         = {0377-9017},
	url          = {https://doi.org/10.1007/s11005-021-01408-y https://link.springer.com/10.1007/s11005-021-01408-y},
	archiveprefix = {arXiv},
	arxivid      = {2002.10062},
	eprint       = {2002.10062}
}
@article{Vitagliano2008a,
	title        = {Secondary calculus and the covariant phase space},
	author       = {Vitagliano, Luca},
	year         = 2009,
	month        = apr,
	journal      = {J. Geom. Phys.},
	volume       = 59,
	number       = 4,
	pages        = {426--447},
	doi          = {10.1016/j.geomphys.2008.12.001},
	issn         = 3930440,
	url          = {http://arxiv.org/abs/0809.4164 http://dx.doi.org/10.1016/j.geomphys.2008.12.001 https://linkinghub.elsevier.com/retrieve/pii/S0393044008002039}
}
@book{Leimkuhler2005,
	title        = {Simulating Hamiltonian Dynamics},
	author       = {Leimkuhler, Benedict and Reich, Sebastian},
	year         = 2005,
	publisher    = {Cambridge University Press},
	series       = {Cambridge Monographs on Applied and Computational Mathematics},
	doi          = {10.1017/cbo9780511614118},
	place        = {Cambridge},
	collection   = {Cambridge Monographs on Applied and Computational Mathematics}
}
@book{Nestruev2010,
	title        = {Smooth Manifolds and Observables},
	author       = {Nestruev, Jet},
	year         = 2003,
	publisher    = {Springer-Verlag},
	address      = {New York},
	series       = {Graduate Texts in Mathematics},
	volume       = 220,
	pages        = 234,
	doi          = {10.1007/b98871},
	isbn         = {0-387-95543-7},
	issn         = {0-387-95543-7},
	url          = {http://link.springer.com/10.1007/b98871}
}
@article{AZ13,
	title        = {Smoothness of holonomy covers for singular foliations and essential isotropy},
	author       = {Androulidakis, Iakovos and Zambon, Marco},
	year         = 2013,
	journal      = {Math. Z.},
	volume       = 275,
	number       = {3-4},
	pages        = {921--951},
	fjournal     = {Mathematische Zeitschrift}
}
@book{Souriau1970,
	title        = {Structure of Dynamical Systems},
	author       = {Souriau, Jean-Marie},
	year         = 1997,
	publisher    = {Springer International Publishing},
	pages        = 414,
	doi          = {10.1007/978-1-4612-0281-3},
	isbn         = {978-1-4612-6692-1},
	url          = {http://www.jmsouriau.com/structure{\%5F}des{\%5F}systemes{\%5F}dynamiques.htm{\%}5Cnhttp://link.springer.com/10.1007/978-1-4612-0281-3 https://link.springer.com/deleted}
}
@incollection{MR3220627,
	title        = {The classical master equation},
	author       = {Felder, Giovanni and Kazhdan, David},
	year         = 2014,
	booktitle    = {Perspectives in representation theory},
	publisher    = {Amer. Math. Soc., Providence, RI},
	series       = {Contemp. Math.},
	volume       = 610,
	pages        = {79--137},
	doi          = {10.1090/conm/610/12124},
	note         = {With an appendix by Tomer M. Schlank},
	mrclass      = {81s22 (14f43 17b63 81q30 81t70)},
	mrnumber     = 3220627,
	mrreviewer   = {Dongwen Liu}
}
@article{Peierls1952,
	title        = {The Commutation Laws of Relativistic Field Theory},
	author       = {Peierls, R. E.},
	year         = 1952,
	journal      = {P. Roy. Soc. A-Math. Phy.},
	volume       = 214,
	number       = 1117,
	pages        = {143--157},
	doi          = {10.1098/rspa.1952.0158},
	issn         = {1364-5021}
}
@article{Kotov2020,
	title        = {The Embedding Tensor, Leibniz–Loday Algebras, and Their Higher Gauge Theories},
	author       = {Kotov, Alexei and Strobl, Thomas},
	year         = 2020,
	journal      = {Commun. Math. Phys.},
	volume       = 376,
	number       = 1,
	pages        = {235--258},
	doi          = {10.1007/s00220-019-03569-3},
	issn         = 14320916
}
@article{MR1432574,
	title        = {The geometry of the master equation and topological quantum field theory},
	author       = {Alexandrov, M. and Kontsevich, M.  and Schwarz, A. and Zaboronsky, O.},
	year         = 1997,
	journal      = {Internat. J. Modern Phys. A},
	volume       = 12,
	number       = 7,
	pages        = {1405--1429},
	doi          = {10.1142/s0217751x97001031},
	issn         = {0217-751x},
	fjournal     = {International Journal of Modern Physics A. Particles and Fields. Gravitation. Cosmology},
	mrclass      = {81t70 (58d29 58f05)},
	mrnumber     = 1432574,
	mrreviewer   = {Luigi Martina}
}
@misc{wCamille,
	title        = {The holonomy of a singular leaf},
	author       = {Camille Laurent-Gengoux and Leonid Ryvkin},
	year         = 2019,
	eprint       = {arXiv:1912.05286}
}
@article{Iglesias-Zemmour2010,
	title        = {The moment maps in diffeology},
	author       = {Iglesias-Zemmour, Patrick},
	year         = 2010,
	journal      = {Mem. Am. Math. Soc.},
	volume       = 207,
	number       = 972,
	pages        = {0--0},
	doi          = {10.1090/s0065-9266-10-00582-x},
	isbn         = 9780821847091,
	issn         = {0065-9266},
	url          = {http://www.ams.org/jourcgi/jour-getitem?pii=S0065-9266-10-00582-X http://www.ams.org/memo/0972}
}
@incollection{Dewitt1999,
	title        = {The Peierls Bracket},
	author       = {Dewitt, B.},
	year         = 1999,
	booktitle    = {Quantum Field Theory: Perspective and Prospective},
	publisher    = {Springer Netherlands},
	address      = {Dordrecht},
	series       = {NATO Science Series},
	volume       = 530,
	pages        = {111--136},
	doi          = {10.1007/978-94-011-4542-8\_5},
	isbn         = {978-0-7923-5673-8},
	url          = {http://www.springerlink.com/index/10.1007/978-94-011-4542-8{\%5F}5 http://link.springer.com/10.1007/978-94-011-4542-8{\%5F}5},
	editor       = {DeWitt-Morette, C{\'{e}}cile and Zuber, Jean-Bernard},
	language     = {English}
}
@misc{1806.00475,
	title        = {The universal Lie $\infty$-algebroid of a singular foliation},
	author       = {Camille Laurent-Gengoux and Sylvain Lavau and Thomas Strobl},
	year         = 2018,
	eprint       = {arXiv:1806.00475}
}
@book{Arnold1998,
	title        = {Topological Methods in Hydrodynamics},
	author       = {Arnold, Vladimir I. and Khesin, Boris A.},
	year         = 1998,
	publisher    = {Springer New York},
	address      = {New York, NY},
	series       = {Applied Mathematical Sciences},
	volume       = 125,
	number       = 10120,
	pages        = {1--4},
	doi          = {10.1007/b97593},
	isbn         = {978-0-387-94947-5},
	url          = {http://link.springer.com/10.1007/b97593}
}
@article{MR1297824,
	title        = {Two-dimensional gravity and nonlinear gauge theory},
	author       = {Ikeda, Noriaki},
	year         = 1994,
	journal      = {Ann. Physics},
	volume       = 235,
	number       = 2,
	pages        = {435--464},
	doi          = {10.1006/aphy.1994.1104},
	issn         = {0003-4916},
	fjournal     = {Annals of Physics},
	mrclass      = {81t40 (81r10)},
	mrnumber     = 1297824,
	mrreviewer   = {Victor O. Rivelles}
}
@incollection{Roger2001,
	title        = {Unimodular vector fields and deformation quantization},
	author       = {Roger, Claude},
	year         = 2001,
	booktitle    = {Deformation Quantization},
	publisher    = {De Gruyter},
	address      = {Berlin, Boston},
	pages        = {135--148},
	doi          = {10.1515/9783110866223.135},
	isbn         = {3-11-017247-X/pbk},
	url          = {https://www.degruyter.com/view/books/9783110866223/9783110866223.135/9783110866223.135.xml}
}
@article{MR1929911,
	title        = {WZW-Poisson manifolds},
	author       = {Klim\v{c}\'{i}k, C. and Strobl, T.},
	year         = 2002,
	journal      = {J. Geom. Phys.},
	volume       = 43,
	number       = 4,
	pages        = {341--344},
	doi          = {10.1016/s0393-0440(02)00027-x},
	issn         = {0393-0440},
	fjournal     = {Journal of Geometry and Physics},
	mrclass      = {53d17 (70s05)},
	mrnumber     = 1929911,
	mrreviewer   = {Ra\'{u}l Ib\'{a}\~{n}ez}
}
@phdthesis{Herman2018a,
	title        = {Weak Moment Maps in Multisymplectic Geometry},
	author       = {Herman, Jonathan},
	year         = 2018,
	month        = jul,
	url          = {http://arxiv.org/abs/1807.01641},
	archiveprefix = {arXiv},
	arxivid      = {1807.01641},
	eprint       = {1807.01641},
	school       = {Waterloo},
	type         = {Phd thesis}
}
@unpublished{StroblMail,
	title        = {Topological Dirac sigma models},
	author       = {Chatzistavrakidis, Athanasios  and Jonke, Larisa and Simunic, Grgur and Strobl, Thomas},
	year         = {(In Preparation)}
}
@article{Blohmann2021,
	title        = {The Homotopy Momentum Map of General Relativity},
	author       = {Blohmann, Christian},
	year         = 2022,
	month        = apr,
	journal      = {Int. Math. Res. Not.},
	doi          = {10.1093/imrn/rnac087},
	issn         = {1073-7928},
	url          = {http://arxiv.org/abs/2103.07670 http://dx.doi.org/10.1093/imrn/rnac087 https://academic.oup.com/imrn/advance-article/doi/10.1093/imrn/rnac087/6571511},
	archiveprefix = {arXiv},
	arxivid      = {2103.07670},
	eprint       = {2103.07670}
}
@unpublished{Blohmann2020,
	title        = {Lagrangian Field Theory - Lecture Notes},
	author       = {Blohmann, Christian},
	year         = 2021,
	url          = {https://people.mpim-bonn.mpg.de/blohmann/Lagrangian{\%5F}Field{\%5F}Theory.pdf}
}
@phdthesis{Bernardy2022,
	title        = {Homotopy reduction of multisymplecitc structures and classical field theory},
	author       = {Bernardy, Janina},
	year         = 2022,
	school       = {University of Bonn},
	type         = {Master thesis (in preparation)}
}
@article{Borsten2021,
	title        = {{$EL_\infty$-algebras}, Generalized Geometry, and Tensor Hierarchies},
	author       = {Borsten, Leron and Kim, Hyungrok and Saemann, Christian},
	year         = 2021,
	month        = may,
	doi          = {10.48550/arxiv.2106.00108},
	url          = {https://arxiv.org/abs/2106.00108},
	archiveprefix = {arXiv},
	arxivid      = {2106.00108},
	eprint       = {2106.00108}
}
@inproceedings{Roytenberg2007,
	title        = {On weak Lie 2-algebras},
	author       = {Roytenberg, Dmitry},
	year         = 2007,
	month        = dec,
	booktitle    = {AIP Conf. Proc.},
	volume       = 956,
	pages        = {180--198},
	doi          = {10.1063/1.2820967},
	isbn         = 9780735404700,
	issn         = {0094243x},
	url          = {http://arxiv.org/abs/0712.3461 http://dx.doi.org/10.1063/1.2820967},
	archiveprefix = {arXiv},
	arxivid      = {0712.3461},
	eprint       = {0712.3461}
}
@article{MarsdenWeinstein74,
	title        = {Reduction of symplectic manifolds with symmetry},
	author       = {Marsden, Jerrold and Weinstein, Alan},
	year         = 1974,
	month        = feb,
	journal      = {Reports on Mathematical Physics},
	publisher    = {Pergamon},
	volume       = 5,
	number       = 1,
	pages        = {121--130},
	doi          = {10.1016/0034-4877(74)90021-4},
	issn         = {00344877},
	url          = {https://linkinghub.elsevier.com/retrieve/pii/0034487774900214}
}
@inproceedings{Meyer73,
	title        = {Symmetries and integrals in mechanics},
	author       = {Meyer, Kenneth R.},
	year         = 1973,
	booktitle    = {Dynamical systems ({P}roc. {S}ympos., {U}niv. {B}ahia, {S}alvador, 1971)},
	pages        = {259--272},
	mrclass      = {58f05 (70.58)},
	mrnumber     = {0331427},
	mrreviewer   = {J. Moser}
}
@incollection{MarsdenWeinstein01,
	title        = {Comments on the history, theory, and applications of symplectic reduction},
	author       = {Marsden, Jerrold E. and Weinstein, Alan},
	year         = 2001,
	booktitle    = {Quantization Singul. Symplectic Quotients},
	publisher    = {Birkh{\"{a}}user Basel},
	address      = {Basel},
	number       = 2000,
	pages        = {1--19},
	doi          = {10.1007/978-3-0348-8364-1_1},
	url          = {http://link.springer.com/10.1007/978-3-0348-8364-1{\%5F}1}
}
@inbook{Marsden2007,
	title        = {Cotangent Bundle Reduction},
	year         = 2007,
	booktitle    = {Hamiltonian Reduct. by Stages},
	publisher    = {Springer Berlin Heidelberg},
	address      = {Berlin, Heidelberg},
	pages        = {43--99},
	doi          = {10.1007/978-3-540-72470-4_2},
	isbn         = {978-3-540-72470-4},
	url          = {https://doi.org/10.1007/978-3-540-72470-4{\%5F}2}
}
@book{Marsden1999,
	title        = {Introduction to Mechanics and Symmetry},
	author       = {Marsden, Jerrold E. and Ratiu, Tudor S.},
	year         = 1999,
	booktitle    = {Phys. Today},
	publisher    = {Springer New York},
	address      = {New York, NY},
	series       = {Texts in Applied Mathematics},
	volume       = 17,
	number       = {July},
	pages        = 70,
	doi          = {10.1007/978-0-387-21792-5},
	isbn         = {978-1-4419-3143-6},
	issn         = {00319228},
	url          = {http://link.aip.org/link/PHTOAD/v48/i12/p70/s1{\&}Agg=doi http://link.springer.com/10.1007/978-0-387-21792-5},
	pmid         = 21678868
}
@article{Cantrun2017,
	title        = {On the geometry of multisymplectic manifolds},
	author       = {Cantrijn, F. and Ibort, Alberto and {De Le{\'{o}}n}, M.},
	year         = 1999,
	month        = jun,
	journal      = {J. Aust. Math. Soc.},
	volume       = 66,
	number       = 3,
	pages        = {303--330},
	doi          = {10.1017/s1446788700036636},
	isbn         = 1446788700036,
	issn         = 14467887,
	url          = {https://www.cambridge.org/core/services/aop-cambridge-core/content/view/S1446788700036636 https://www.cambridge.org/core/product/identifier/S1446788700036636/type/journal{\%5F}article}
}
@book{Marsden1992,
	title        = {Lectures on Mechanics},
	author       = {Marsden, Jerrold E.},
	year         = 1992,
	month        = nov,
	booktitle    = {Lect. Mech.},
	doi          = {10.1017/cbo9780511624001}
}
@book{Brylinski1993,
	title        = {Loop Spaces, Characteristic Classes and Geometric Quantization},
	author       = {Brylinski, Jean-Luc},
	year         = 1993,
	booktitle    = {Mod. Birkh{\"{a}}user Class.},
	publisher    = {Birkh{\"{a}}user Boston},
	address      = {Boston, MA},
	pages        = {xvi + 300},
	doi          = {10.1007/978-0-8176-4731-5},
	isbn         = {978-0-8176-4730-8},
	issn         = {2197-1803},
	url          = {http://link.springer.com/10.1007/978-0-8176-4731-5},
	edition      = {Reprint of}
}
@book{bates1997lectures,
	title        = {Lectures on the Geometry of Quantization},
	author       = {Bates, Sean and Weinstein, Alan},
	year         = 1997,
	publisher    = {American Mathematical Soc.},
	volume       = 8
}
@mastersthesis{bongers2014geometric,
	title        = {Geometric quantization of symplectic and Poisson manifolds},
	author       = {Bongers, SR},
	year         = 2014
}
@book{souriau1997structure,
	title        = {Structure of dynamical systems: a symplectic view of physics},
	author       = {Souriau, Jean-Marie},
	year         = 1997,
	publisher    = {Springer Science \& Business Media},
	volume       = 149
}
@book{kirillov2004lectures,
	title        = {Lectures on the orbit method},
	author       = {Kirillov, Aleksandr Aleksandrovich},
	year         = 2004,
	publisher    = {American Mathematical Soc.},
	volume       = 64
}
@book{rogers2011higher,
	title        = {Higher symplectic geometry},
	author       = {Rogers, Christopher Lee},
	year         = 2011,
	publisher    = {University of California, Riverside}
}
@inproceedings{vizman1997some,
	title        = {Some remarks on the quantomorphism group},
	author       = {Vizman, Cornelia},
	year         = 1997,
	booktitle    = {Proc. of the Third International Workshop on Diff. Geom., Sibiu, Romania, Gen. Math},
	volume       = 5,
	pages        = {393--399}
}
@article{vizman2011abelian,
	title        = {Abelian extensions via prequantization},
	author       = {Vizman, Cornelia},
	year         = 2011,
	journal      = {Annals of Global Analysis and Geometry},
	publisher    = {Springer},
	volume       = 39,
	number       = 4,
	pages        = {361--386}
}
@article{ratiu1981differentiable,
	title        = {The differentiable structure of three remarkable diffeomorphism groups},
	author       = {Ratiu, Tudor S and Schmid, Rudolf},
	year         = 1981,
	publisher    = {Springer-Verlag; Springer-Verlag GmbH \& Co. KG}
}
@article{nikolaus2015principal,
	title        = {Principal $\infty$-bundles: general theory},
	author       = {Nikolaus, Thomas and Schreiber, Urs and Stevenson, Danny},
	year         = 2015,
	journal      = {Journal of Homotopy and Related Structures},
	publisher    = {Springer},
	volume       = 10,
	number       = 4,
	pages        = {749--801}
}
@article{nikolaus2015principalb,
	title        = {Principal $\infty$-bundles: presentations},
	author       = {Nikolaus, Thomas and Schreiber, Urs and Stevenson, Danny},
	year         = 2015,
	journal      = {Journal of Homotopy and Related Structures},
	publisher    = {Springer},
	volume       = 10,
	number       = 3,
	pages        = {565--622}
}
@article{joyal2002quasi,
	title        = {Quasi-categories and Kan complexes},
	author       = {Joyal, Andr{\'e}},
	year         = 2002,
	journal      = {Journal of Pure and Applied Algebra},
	publisher    = {Elsevier},
	volume       = 175,
	number       = {1-3},
	pages        = {207--222}
}
@book{lurie2009higher,
	title        = {Higher topos theory},
	author       = {Lurie, Jacob},
	year         = 2009,
	publisher    = {Princeton University Press}
}
@article{Krepski2020,
	title        = {Multiplicative vector fields on bundle gerbes},
	author       = {Krepski, Derek and Vaughan, Jennifer},
	year         = 2020,
	pages        = {1--35},
	url          = {http://arxiv.org/abs/2003.12874},
	archiveprefix = {arXiv},
	arxivid      = {2003.12874},
	eprint       = {2003.12874}
}
@article{Grutzmann2015,
	title        = {General Yang–Mills type gauge theories for p-form gauge fields: From physics-based ideas to a mathematical framework or From Bianchi identities to twisted Courant algebroids},
	author       = {Gr{\"{u}}tzmann, Melchior and Strobl, Thomas},
	year         = 2015,
	month        = jan,
	journal      = {Int. J. Geom. Methods Mod. Phys.},
	volume       = 12,
	number       = {01},
	pages        = 1550009,
	doi          = {10.1142/s0219887815500097},
	issn         = {0219-8878},
	url          = {http://arxiv.org/abs/1407.6759 http://dx.doi.org/10.1142/S0219887815500097 https://www.worldscientific.com/doi/abs/10.1142/S0219887815500097},
	archiveprefix = {arXiv},
	arxivid      = {1407.6759},
	eprint       = {arXiv:1407.6759}
}
@unpublished{Azzali2022,
	title        = {Direct connections on groupoids and their jet prolongations},
	author       = {Sara Azzali and Youness Boutaib and Alessandra Frabetti and Sylvie Paycha},
	year         = 2022,
	month        = 5,
	url          = {https://www.math.uni-potsdam.de/~paycha/paycha/Unpublished\%5Fnotes\%5FMay\%5F2022.pdf}
}
@article{Frabetti2024,
	title        = {Poisson bundles over unordered configurations},
	author       = {Frabetti, A. and Kravchenko, O. and Ryvkin, L.},
	year         = 2024,
	month        = 7,
	url          = {https://arxiv.org/abs/2407.15287v2},
	note         = {\url{https://arxiv.org/abs/2407.15287}. Poisson bundles and multilocal observables in field theory, in preparation.},
	archiveprefix = {arXiv},
	arxivid      = {2407.15287},
	eprint       = {2407.15287},
	howpublished = {preprint}
}
@unpublished{Frabetti2025,
	title        = {Poisson bundles and multilocal observables in field theory},
	author       = {Alessandra Frabetti and Olga Kravchenko and Leonid Ryvkin},
	year         = 2024,
	journal      = {in preparation}
}
@book{Hamilton2017,
	title        = {Mathematical Gauge Theory},
	author       = {Mark J.D. Hamilton},
	year         = 2017,
	publisher    = {Springer International Publishing},
	doi          = {10.1007/978-3-319-68439-0},
	isbn         = {978-3-319-68438-3},
	url          = {http://link.springer.com/10.1007/978-3-319-68439-0}
}
@article{Costa2018,
	title        = {Lie groupoids in classical field theory I: Noether’s theorem},
	author       = {Bruno T. Costa and Michael Forger and Luiz Henrique P. Pêgas},
	year         = 2018,
	month        = 9,
	journal      = {Journal of Geometry and Physics},
	publisher    = {North-Holland},
	volume       = 131,
	pages        = {220--245},
	doi          = {10.1016/j.geomphys.2018.03.015},
	issn         = {0393-0440}
}
@article{Costa2021,
	title        = {Lie Groupoids in Classical Field Theory II: Gauge Theories, Minimal Coupling and Utiyama's Theorem},
	author       = {Costa, Bruno T. and Forger, Michael and Pêgas, Luiz Henrique P.},
	year         = 2018,
	journal      = {arXiv preprint arXiv:1806.01329},
	volume       = 169,
	pages        = 104340,
	doi          = {https://doi.org/10.1016/j.geomphys.2021.104340},
	issn         = {0393-0440},
	url          = {https://arxiv.org/abs/1806.01329}
}
@misc{Teleman2004,
	title        = {Distance Function, Linear Quasi-connections And Chern Character},
	author       = {Nicolae Teleman},
	year         = 2004,
	institution  = {IHES Prepublication IHES/M/04/27}
}
@inproceedings{Teleman2007,
	title        = {Direct Connections and Chern Character},
	author       = {Nicolae Teleman},
	year         = 2007,
	month        = 2,
	booktitle    = {Singularity Theory},
	publisher    = {World Scientific},
	pages        = {977--994},
	doi          = {10.1142/9789812707499_0039},
	isbn         = {978-981-270-410-8}
}
@inproceedings{Kubarski2007,
	title        = {Linear direct connections},
	author       = {Jan Kubarski and Nicolae Teleman},
	year         = 2007,
	booktitle    = {Geometry and Topology of Manifolds},
	publisher    = {Institute of Mathematics Polish Academy of Sciences},
	pages        = {425--436},
	doi          = {10.4064/bc76-0-20},
	city         = {Warsaw}
}
@inproceedings{Kubarski2008,
	title        = {Lie Groupoid’s point of view of linear direct connections and characteristic classes},
	author       = {Jan Kubarski},
	year         = 2008,
	month        = 7,
	booktitle    = {Poisson Geometry in Mathematics and Physics},
	url          = {im0.p.lodz.pl/~kubarski/forum/72Switzerland.pdf},
	city         = {Lausanne, Switzerland}
}
@phdthesis{Dippell2023,
	title        = {Constraint Reduction in Algebra, Geometry and Deformation Theory},
	author       = {Marvin Dippell},
	year         = 2023,
	doi          = {10.25972/opus-30167},
	type         = {doctoralthesis},
	school       = {Universit{\"a}t W{\"u}rzburg}
}
@misc{dippelkern,
	title        = {Constraint Vector Bundles and Reduction of Lie (Bi-)Algebroids},
	author       = {Marvin Dippell and David Kern},
	year         = 2023,
	eprint       = {arXiv:2312.08263}
}
@article{dippelespositowaldmann,
	title        = {Coisotropic triples, reduction and classical limit},
	author       = {Dippell, Marvin and Esposito, Chiara and Waldmann, Stefan},
	year         = 2019,
	journal      = {Doc. Math.},
	volume       = 24,
	pages        = {1811--1853},
	doi          = {10.25537/dm.2019v24.1811-1853},
	issn         = {1431-0635},
	fjournal     = {Documenta Mathematica},
	language     = {English},
	zbmath       = 7124240,
	zbl          = {1427.53105}
}
@article{horowitz2021,
	title        = {On the Representations of the Poincaré Group},
	author       = {Horowitz, Ben},
	year         = 2021,
	note         = {Available at \url{https://math.uchicago.edu/~may/REU2021/REUPapers/Horowitz.pdf}}
}
@article{vistoli2011groupoids,
	title        = {Groupoids: a local theory of symmetry},
	author       = {Vistoli, Angelo},
	year         = 2011,
	journal      = {Isonomia},
	url          = {https://isonomia.uniurb.it/vecchiaserie/2011Vistoli.pdf},
	note         = {Accessed: 2025-01-08}
}
@article{weinstein1996groupoids,
	title        = {Groupoids: Unifying Internal and External Symmetry},
	author       = {Weinstein, Alan},
	year         = 1996,
	journal      = {Notices of the American Mathematical Society},
	volume       = 43,
	number       = 7,
	pages        = {744--752},
	url          = {https://www.ams.org/notices/199607/weinstein.pdf}
}
@article{petitjean2021global,
	title        = {Global Symmetries, Local Symmetries and Groupoids},
	author       = {Petitjean, Michel},
	year         = 2021,
	journal      = {Symmetry},
	volume       = 13,
	number       = 10,
	pages        = 1905,
	url          = {https://www.mdpi.com/2073-8994/13/10/1905}
}
@article{bursztyn2023lie,
	title        = {Lie Groupoids},
	author       = {Bursztyn, Henrique and del Hoyo, Matias},
	year         = 2023,
	journal      = {arXiv preprint arXiv:2309.14105},
	url          = {https://arxiv.org/abs/2309.14105}
}
@article{costa2018lie1,
	title        = {Lie Groupoids in Classical Field Theory I: Noether's Theorem},
	author       = {Costa, Bruno T. and Forger, Michael and Pêgas, Luiz Henrique P.},
	year         = 2018,
	journal      = {arXiv preprint arXiv:1508.04632},
	url          = {https://arxiv.org/abs/1508.04632}
}
@article{Brunetti-Fredenhagen-Verch-2003,
	title        = {The generally covariant locality principle -- a new paradigm for local quantum field theory},
	author       = {Brunetti, R. and Fredenhagen, K. and Verch, R.},
	year         = 2003,
	journal      = {Commun. Math. Phys.},
	volume       = 237,
	number       = {1-2},
	pages        = {31--68},
	doi          = {10.1007/s00220-003-0815-7},
	issn         = {0010-3616},
	fjournal     = {Commun. Math. Phys.},
	language     = {English},
	zbmath       = 2018489,
	zbl          = {1047.81052}
}
@inproceedings{Crnkovic-Witten:1987,
	title        = {Covariant Description of Canonical Formalism in Geometrical Theories},
	author       = {Crnković, C. and Witten, E.},
	year         = 1987,
	booktitle    = {Three Hundred Years of Gravitation},
	publisher    = {Cambridge University Press},
	series       = {Philosophiae Naturalis, Principia Mathematica},
	pages        = {676–684},
	isbn         = 9780521379762,
	url          = {https://books.google.fr/books?id=Vq787qC5PWQC},
	editor       = {Hawking, S. and Hawking, S.W. and Israel, W.},
	lccn         = 87010364
}
@article{Dito:1990,
	title        = {Star-product approach to quantum field theory: The free scalar field},
	author       = {Dito, J.},
	year         = 1990,
	journal      = {Lett. Math. Phys.},
	volume       = 20,
	pages        = {125--134},
	doi          = {10.1007/bf00398277}
}
@misc{FischerPhd,
	title        = {Geometry of curved {Yang}-{Mills}-{Higgs} gauge theories},
	author       = {Fischer, S.-R.},
	year         = 2021,
	doi          = {10.13097/archive-ouverte/unige:152555},
	url          = {https://arxiv.org/abs/2104.02175},
	howpublished = {PhD thesis. Université de Genève},
	arxiv        = {arXiv:2104.02175}
}
@article{Gawedzki-1972,
	title        = {On the geometrization of the canonical formalism in the classical field theory},
	author       = {Gaw\k{e}dzki, K.},
	year         = 1972,
	journal      = {Rep. Math. Phys.},
	volume       = 3,
	pages        = {307--326}
}
@article{Gieres:2021,
	title        = {Covariant canonical formulations of classical field theories},
	author       = {Gieres, F.},
	year         = 2023,
	journal      = {SciPost Phys. Lect. Notes},
	volume       = 77,
	pages        = 182,
	doi          = {10.21468/SciPostPhysLectNotes.77},
	eprint       = {2109.07330},
	archiveprefix = {arXiv},
	primaryclass = {hep-th}
}
@misc{Gotay-1991,
	title        = {A multisymplectic framework for classical field theory and the calculus of variations I: Covariant {H}amiltonian formalism: Mechanics, analysis and geometry: 200 years after {{L}agrange}},
	author       = {Gotay, M.J.},
	year         = 1991,
	publisher    = {North Holland, Amsterdam}
}
@inproceedings{Helein:2011,
	title        = {Multisymplectic formalism and the covariant phase space},
	author       = {Hélein, F.},
	year         = 2011,
	booktitle    = {Variational Problems in Differential Geometry},
	publisher    = {Cup},
	series       = {London Mathematical Society},
	pages        = 94,
	editor       = {Bielawski, Roger and Houston, Kevin and Speight, MartinEditors},
	place        = {Cambridge},
	collection   = {London Mathematical Society Lecture Note Series}
}
@book{Herscovich-2019,
	title        = {Renormalization in quantum field theory (after {R}. {Borcherds})},
	author       = {Herscovich, E.},
	year         = 2019,
	publisher    = {Smf},
	series       = {Ast{\'e}risque},
	doi          = {10.24033/ast.1078},
	isbn         = {978-2-85629-910-4},
	issn         = {0303-1179},
	fseries      = {Ast{\'e}risque},
	language     = {English},
	zbmath       = 7087753,
	zbl          = {1425.81005}
}
@article{Kijowski-1973,
	title        = {A finite-dimensional canonical formalism in the classical field theory},
	author       = {Kijowski, J.},
	year         = 1973,
	journal      = {Comm. Math. Phys.},
	volume       = 30,
	pages        = {99--128},
	doi          = {10.1007/bf01645975}
}
@book{Rejzner-2016,
	title        = {Perturbative Algebraic Quantum Field Theory. An Introduction for Mathematicians},
	author       = {Rejzner, K.},
	year         = 2016,
	publisher    = {Springer},
	series       = {Mps},
	doi          = {10.1007/978-3-319-25901-7},
	isbn         = {978-3-319-25899-7},
	issn         = {0921-3767},
	fseries      = {Mpst},
	language     = {English}
}
@inproceedings{Zuckerman:1987,
	title        = {Action Principles and Global Geometry},
	author       = {Zuckerman, G.},
	year         = 1987,
	booktitle    = {Mathematical Aspects of String Theory},
	publisher    = {World Scientific, Singapore},
	pages        = {259--288},
	editor       = {Yau, S.-T.}
}
@article{Roman-Roy09,
	title        = {Multisymplectic {L}agrangian and {H}amiltonian formalisms of classical field theories},
	author       = {Rom\'an-Roy, N.},
	year         = 2009,
	journal      = {Sigma},
	volume       = 5,
	pages        = {1--25}
}
@article{Cantrun1999,
	title        = {On the geometry of multisymplectic manifolds},
	author       = {F. Cantrijn and Alberto Ibort and M. De León},
	year         = 1999,
	month        = 6,
	journal      = {Journal of the Australian Mathematical Society},
	volume       = 66,
	pages        = {303--330},
	doi          = {10.1017/s1446788700036636},
	isbn         = 1446788700036,
	issn         = 14467887,
	url          = {https://www.cambridge.org/core/services/aop-cambridge-core/content/view/S1446788700036636 https://www.cambridge.org/core/product/identifier/S1446788700036636/type/journal_article},
	note         = {Forse è il primo paper che studia geometria ms dal punto di vista geometrico e non meccanico.},
	abstract     = {A multisymplectic structure on a manifold is defined by a closed differential form with zero characteristic distribution. Starting from the linear case, some of the basic properties of multisymplectic structures are described. Various examples of multisymplectic manifolds are considered, and special attention is paid to the canonical multisymplectic structure living on a bundle of exterior k-forms on a manifold. For a class of multisymplectic manifolds admitting a 'Lagrangian' fibration, a general structure theorem is given which, in particular, leads to a classification of these manifolds in terms of a prescribed family of cohomology classes.},
	issue        = 3,
	keywords     = {58Axx,primary 53C15}
}
@article{Miti2021,
	title        = {A Hydrodynamical Homotopy Co-momentum Map And A Multisymplectic Interpretation Of Higher-order Linking Numbers},
	author       = {Miti, Antonio Michele and Spera, Mauro},
	year         = 2021,
	month        = feb,
	journal      = {Journal of the Australian Mathematical Society},
	pages        = {1--20},
	doi          = {10.1017/s1446788720000518},
	issn         = {1446-7887},
	url          = {https://www.cambridge.org/core/product/identifier/S1446788720000518/type/journal\%5Farticle},
	url          = {https://www.cambridge.org/core/product/identifier/S1446788720000518/type/journal\%5Farticle},
	archiveprefix = {arXiv},
	arxivid      = {1805.01696},
	eprint       = {1805.01696},
	keywords     = {Mathematics - Differential Geometry,Mathematics - Symplectic Geometry}
}
@article{Miti2019,
	title        = {Multisymplectic actions of compact Lie groups on spheres},
	author       = {Miti, Antonio Michele and Ryvkin, Leonid},
	year         = 2020,
	journal      = {Journal of Symplectic Geometry},
	volume       = 18,
	number       = 6,
	pages        = {1751--1785},
	doi          = {10.4310/JSG.2020.v18.n6.a6},
	issn         = 15275256,
	url          = {https://www.intlpress.com/site/pub/pages/journals/items/jsg/content/vols/0018/0006/a006/},
	archiveprefix = {arXiv},
	arxivid      = {1906.08790},
	eprint       = {1906.08790},
	keywords     = {Cohomological obstructions,Compact groups actions,Groups of multisymplectic diffeomorphisms,Homotopy comoment maps,Multisymplectic geometry}
}
@article{Miti2019a,
	title        = {Derivation of the {HOMFLYPT} knot polynomial via helicity and geometric quantization},
	author       = {Miti, Antonio Michele and Spera, Mauro},
	year         = 2020,
	month        = aug,
	journal      = {Bollettino dell'Unione Matematica Italiana},
	publisher    = {Springer International Publishing},
	doi          = {10.1007/s40574-020-00254-5},
	issn         = {1972-6724},
	url          = {http://link.springer.com/10.1007/s40574-020-00254-5},
	archiveprefix = {arXiv},
	arxivid      = {1910.13400},
	eprint       = {1910.13400},
	keywords     = {Geometric quantization,Hydrodynamics,Knot polynomials,Lagrangian submanifolds,Maslov index,Symplectic geometry,geometric quantization,hydrodynamics,symplectic geometry}
}
@article{Miti2022,
	title        = {Observables on multisymplectic manifolds and higher Courant algebroids},
	author       = {Miti, Antonio Michele and Zambon, Marco},
	year         = 2024,
	month        = nov,
	journal      = {Communications in Contemporary Mathematics},
	pages        = {1--48},
	doi          = {10.1142/s0219199725500063},
	issn         = {0219-1997},
	url          = {http://arxiv.org/abs/2209.05836 https://www.worldscientific.com/doi/10.1142/S0219199725500063},
	archiveprefix = {arXiv},
	arxivid      = {2209.05836},
	eprint       = {2209.05836}
}
@article{Blacker2022,
	title        = {Reduction of {$L_\infty$-algebras} of observables on multisymplectic manifolds},
	author       = {Blacker, Casey and Miti, Antonio Michele and Ryvkin, Leonid},
	year         = 2024,
	month        = jul,
	journal      = {Symmetry, Integrability and Geometry: Methods and Applications},
	doi          = {10.3842/sigma.2024.061},
	issn         = 18150659,
	url          = {https://www.emis.de/journals/SIGMA/2024/061/},
	archiveprefix = {arXiv},
	arxivid      = {2206.03137},
	eprint       = {2206.03137}
}
@article{Luongo2024,
	title        = {Measurement-based uncomputation of quantum circuits for modular arithmetic},
	author       = {Alessandro Luongo and Antonio Michele Miti and Varun Narasimhachar and Adithya Sireesh},
	year         = 2024,
	month        = jul,
	journal      = {arXiv:2407.20167},
	isbn         = {2407.20167v1},
	url          = {https://arxiv.org/abs/2407.20167},
	archiveprefix = {arXiv},
	arxivid      = {2407.20167},
	eprint       = {2407.20167}
}
@phdthesis{Miti2020a,
	title        = {Homotopy comomentum maps in multisymplectic geometry},
	author       = {Miti, Antonio Michele},
	year         = 2021,
	month        = apr,
	url          = {https://arxiv.org/abs/2105.05645},
	school       = {Universit{\`{a}} Cattolica del Sacro Cuore {\&} KU Leuven},
	type         = {Doctoral thesis},
	howpublished = {\href{https://tesionline.unicatt.it/handle/10280/94031}{https://limo.libis.be/primo-explore/fulldisplay?docid=LIRIAS3408626&context=L&vid=Lirias&search_scope=Lirias&tab=default_tab&lang=en_US&fromSitemap=1}}
}
@unpublished{Miti2024a,
	title        = {Poincar\'e-Cartan forms for multisymplectic field theory},
	author       = {Miti, Antonio Michele and Zanello, Fabrizio},
	year         = 2025,
	pages        = {to appear},
	pubstate     = {forthcoming}
}
@unpublished{Miti2024c,
	title        = {Constraint algebras of multisyplectic observables},
	author       = {Miti, Antonio Michele and Ryvkin, Leonid},
	year         = 2025,
	pages        = {to appear},
	pubstate     = {forthcoming}
}
