@book{Bleeker,
  author    = {Dirk Bleeker},
  title     = {Gauge Theory and Variational Principles},
  publisher = {Dover Publications},
  year      = {1981},
  isbn      = {9780486665134},
  url       = {https://books.google.it/books?id=SFLCAgAAQBAJ}
}

@book{Hamilton,
  author    = {Mark J. D. Hamilton},
  title     = {Mathematical Gauge Theory: With Applications to the Standard Model of Particle Physics},
  publisher = {Springer},
  year      = {2017},
  series    = {Universitext},
  doi       = {10.1007/978-3-319-68439-0},
  isbn      = {978-3-319-68438-3},
  url       = {https://link.springer.com/book/10.1007/978-3-319-68439-0}
}

@misc{Meinrenken,
  author    = {Eckhard Meinrenken},
  title     = {Lectures on Lie Groupoids},
  howpublished = {Lecture notes, University of Toronto},
  year      = {2020},
  url       = {https://www.math.utoronto.ca/mein/teaching/MAT1341_LieGroupoids/Groupoids.pdf}
}

@book{Mackenzie,
  author    = {Kirill C. H. Mackenzie},
  title     = {General Theory of Lie Groupoids and Lie Algebroids},
  publisher = {Cambridge University Press},
  year      = {2005},
  series    = {London Mathematical Society Lecture Note Series},
  volume    = {213},
  isbn      = {9780521608688},
  url       = {https://www.cambridge.org/core/books/general-theory-of-lie-groupoids-and-lie-algebroids/DA70C6FAF52F88FB471F62DD68049608}
}

@article{CostaForgerPegas,
  author    = {Orlando Costa and Michael Forger and Sebastião A. Pegas},
  title     = {On Covariant Multisymplectic Field Theory},
  journal   = {Journal of Geometry and Physics},
  volume    = {132},
  pages     = {321--348},
  year      = {2018},
  doi       = {10.1016/j.geomphys.2018.06.014},
  url       = {https://www.sciencedirect.com/science/article/pii/S0393044018301566}
}

@article{BaezWise,
  author    = {John C. Baez and Derek K. Wise},
  title     = {Teleparallel Gravity as a Higher Gauge Theory},
  journal   = {Communications in Mathematical Physics},
  volume    = {333},
  pages     = {153--186},
  year      = {2015},
  doi       = {10.1007/s00220-014-2156-7},
  eprint    = {1204.4339},
  archivePrefix = {arXiv},
  primaryClass = {gr-qc},
  url       = {https://arxiv.org/abs/1204.4339}
}

@misc{PaychaUnpublished,
  author    = {Sylvie Paycha},
  title     = {Unpublished Notes on Lie Groupoid Connections},
  howpublished = {Unpublished manuscript},
  year      = {2022},
  url       = {https://www.math.uni-potsdam.de/~paycha/paycha/Unpublished_notes_May_2022.pdf}
}

@misc{WikipediaFrameFields,
  author    = {{Wikipedia contributors}},
  title     = {Frame fields in general relativity},
  year      = {2025},
  note      = {Accessed September 2025},
  url       = {https://en.wikipedia.org/wiki/Frame_fields_in_general_relativity}
}

@misc{nLabTeleparallel,
  author    = {{nLab authors}},
  title     = {Teleparallel gravity},
  year      = {2025},
  note      = {Accessed September 2025},
  url       = {https://ncatlab.org/nlab/show/teleparallel+gravity}
}

@book{Olver,
  author    = {Peter J. Olver},
  title     = {Applications of Lie Groups to Differential Equations},
  publisher = {Springer},
  series    = {Graduate Texts in Mathematics},
  volume    = {107},
  year      = {1993},
  edition   = {Second Edition},
  doi       = {10.1007/978-1-4612-4350-2}
}

@article{WeinsteinGroupoids,
  author    = {Alan Weinstein},
  title     = {Groupoids: Unifying internal and external symmetry. A tour through some examples},
  journal   = {Notices of the AMS},
  volume    = {43},
  number    = {7},
  pages     = {744--752},
  year      = {1996},
  url       = {https://www.ams.org/notices/199607/weinstein.pdf}
}

@article{RogersLInfinity,
  author    = {Christopher L. Rogers},
  title     = {Higher Symplectic Geometry},
  journal   = {arXiv preprint},
  year      = {2010},
  eprint    = {1009.2975},
  archivePrefix = {arXiv},
  primaryClass = {math-ph},
  url       = {https://arxiv.org/abs/1009.2975}
}

@article{CantrijnIbortDeLeon,
  author    = {F. Cantrijn and A. Ibort and M. de León},
  title     = {On the geometry of multisymplectic manifolds},
  journal   = {Journal of the Australian Mathematical Society. Series A. Pure Mathematics and Statistics},
  volume    = {66},
  number    = {3},
  pages     = {303--330},
  year      = {1999},
  doi       = {10.1017/S1446788700036634}
}
