@article{CostaA2015,
  author       = {Bruno T. Costa and Michael Forger and Luiz Henrique P. P{\^e}gas},
  title        = {Lie Groupoids in Classical Field Theory I: Noether's Theorem},
  year         = {2015},
  archivePrefix= {arXiv},
  eprint       = {1508.04632},
  primaryClass = {math-ph},
  url          = {https://arxiv.org/abs/1508.04632},
  doi          = {10.48550/arXiv.1508.04632},
  note         = {v3 (4 Jun 2018). Key uses in text: Ex.~3 (frame = jet of pair), Ex.~4 and \S3.2 (holonomous bisections), Eqs.~(42)--(43) p.~12 (bisections to diffeomorphisms), Thm.~1--2 \S4 (invariance), Thm.~3 \S5 (Noether), Eq.~(158) \S6 (stress--energy).}
}

@article{CostaB2018,
  author       = {Bruno T. Costa and Michael Forger and Luiz Henrique P. P{\^e}gas},
  title        = {Lie Groupoids in Classical Field Theory II: Gauge Theories, Minimal Coupling and Utiyama's Theorem},
  year         = {2018},
  archivePrefix= {arXiv},
  eprint       = {1806.01329},
  primaryClass = {math-ph},
  url          = {https://arxiv.org/abs/1806.01329},
  note         = {Part~II: internal gauge symmetries, covariant minimal coupling, Utiyama's theorem (used in \S\!Outlook).}
}

@misc{Paycha2022,
  author       = {Sara Azzali and Youness Bouta{\"i}b and Alessandra Frabetti and Sylvie Paycha},
  title        = {Direct connections on groupoids and their jet prolongations},
  howpublished = {Unpublished lecture notes, 70~pp.},
  month        = {May},
  year         = {2022},
  url          = {https://www.math.uni-potsdam.de/~paycha/paycha/Unpublished_notes_May_2022.pdf},
  note         = {Cited for direction on groupoid-level connections and jets.}
}

@misc{nlabGaugeGroup,
  author       = {{nLab authors}},
  title        = {gauge group},
  year         = {2025},
  url          = {https://ncatlab.org/nlab/show/gauge%2Bgroup},
  note         = {Last accessed 9~Sep~2025. Background on gauge groups and related higher-categorical perspective.}
}

@misc{WikipediaLieGroupoid,
  author       = {{Wikipedia contributors}},
  title        = {Lie groupoid --- Wikipedia{,} The Free Encyclopedia},
  year         = {2025},
  url          = {https://en.wikipedia.org/wiki/Lie_groupoid},
  note         = {Revision accessed 9~Sep~2025. Used for a compact definition and standard properties.}
}
